% This file was created with JabRef 2.5.
% Encoding: UTF-8

\bibitem{ref_lncs1}
Author, F., Author, S.: Title of a proceedings paper. In: Editor,
F., Editor, S. (eds.) CONFERENCE 2016, LNCS, vol. 9999, pp. 1--13.
Springer, Heidelberg (2016). \doi{10.10007/1234567890}

@inproceedings{ref_proc1,
 author = {First Author, Second Authot and Third Author},
 title = {Proceedings Chapter Title},
 booktitle = {Proceedings Title},
 year = {2019},
 isbn = {x-xxx-xxxxx-x},
 pages = {x--x+10},
 numpages = {10},
 url = {Proceedings Chapter URL},
 publisher = {Publisher Name},
 address = {Publisher Address}
} 

@article{ref_article1,
    author = {First Author, Second Authot and Third Author}, 
    title = {Article Title},     
    journal = {Journal Name}, 
    year = {2019}, 
    volume = {xx}, 
    number = {x},     
    pages = {x--x+20},
    url = {Article URL}

}

@MISC{ref_url1,
  author = {URL Author},
  title = {URL Title},
  url = {URL},
  note = {Last accessed x x x}
}

@BOOK{ref_book1,
  title = {Book Title},
  publisher = {Publisher Name},
  address = {Publisher Address},  
  year = {2019},
  author = {First Author, Second Authot and Third Author},
  url = {Book URL}
}   

@TECHREPORT{ref_techr,
  author = {First Author, Second Authot and Third Author},
  title = {Report Title},
  institution = {Institution Name},
  address = {Institution Address},    
  year = {2019},
  url = {Tech Report URL},
}
